<?xml version="1.0" encoding="UTF-8" ?><marc:collection xmlns:marc="http://www.loc.gov/MARC21/slim" xmlns:xsi="http://www.w3.org/2001/XMLSchema-instance" xsi:schemaLocation="http://www.loc.gov/MARC21/slim http://www.loc.gov/standards/marcxml/schema/MARC21slim.xsd">
<marc:record><marc:leader>01761nam a2200253 a 4500</marc:leader>
<marc:controlfield tag="003">aeadna</marc:controlfield>
<marc:controlfield tag="005">20100628134200.0</marc:controlfield><marc:controlfield tag="008">020111s1948||||ua b   f     n00  0|ara d</marc:controlfield><marc:datafield tag="035" ind1=" " ind2=" "><marc:subfield code="a">(Sirsi) a21451</marc:subfield></marc:datafield><marc:datafield tag="040" ind1=" " ind2=" "><marc:subfield code="a">nal</marc:subfield><marc:subfield code="b">ara</marc:subfield><marc:subfield code="e">AACR2</marc:subfield></marc:datafield><marc:datafield tag="041" ind1="0" ind2=" "><marc:subfield code="a">ara</marc:subfield></marc:datafield><marc:datafield tag="043" ind1=" " ind2=" "><marc:subfield code="a">aw----</marc:subfield></marc:datafield><marc:datafield tag="050" ind1=" " ind2="4"><marc:subfield code="a">UA995 A65</marc:subfield><marc:subfield code="b">.M57 1948</marc:subfield></marc:datafield><marc:datafield tag="090" ind1=" " ind2=" "><marc:subfield code="a"></marc:subfield></marc:datafield><marc:datafield tag="110" ind1="1" ind2=" "><marc:subfield code="a">مصر. وزارة الحربية والبحرية. الجيش المصري</marc:subfield></marc:datafield><marc:datafield tag="245" ind1="1" ind2=" "><marc:subfield code="a">الجغرافيا العسكرية للشرق الاوسط/</marc:subfield><marc:subfield code="c">وزارة الحربية والبحرية، الجيش المصري</marc:subfield></marc:datafield><marc:datafield tag="260" ind1=" " ind2=" "><marc:subfield code="a">القاهرة:</marc:subfield><marc:subfield code="b">[مطبعة مصر شركة مساهمة مصرية 40 شارع نور باشا (سابقا شارع الدواوين)]،</marc:subfield><marc:subfield code="c">1948.</marc:subfield></marc:datafield><marc:datafield tag="300" ind1=" " ind2=" "><marc:subfield code="a">380 ص.؛</marc:subfield><marc:subfield code="b">خرائط؛</marc:subfield><marc:subfield code="c">25 سم.</marc:subfield></marc:datafield><marc:datafield tag="500" ind1=" " ind2=" "><marc:subfield code="a">ورق الكتاب أصفر. مجلد. حالته المادية : جيدة.</marc:subfield></marc:datafield><marc:datafield tag="504" ind1=" " ind2=" "><marc:subfield code="a">ببليوغرافيا: ص5.</marc:subfield></marc:datafield><marc:datafield tag="505" ind1="0" ind2=" "><marc:subfield code="a">الكتاب في خمسة ابواب : </marc:subfield><marc:subfield code="t">الباب الأول : العوامل الجغرافية وتأثيرها على السياسة الحربية للدولة.</marc:subfield><marc:subfield code="g">ص11-76.- </marc:subfield><marc:subfield code="t">الباب الثاني : جغرافية وادي النيل.</marc:subfield><marc:subfield code="g">ص77-99.-</marc:subfield><marc:subfield code="t">الباب الثالث: الجغرافيا العسكرية لمصر والسودان.</marc:subfield><marc:subfield code="g">ص101-123.- </marc:subfield><marc:subfield code="t">الباب الرابع: الجغرافيا العسكرية لدول الشرق الوسط وشمال أفريقيا.</marc:subfield><marc:subfield code="g">ص224-277.- </marc:subfield><marc:subfield code="t">الباب الخامس: تاريخ وجغرافية البحر البيض المتوسط.</marc:subfield><marc:subfield code="g">ص278-380.</marc:subfield></marc:datafield><marc:datafield tag="650" ind1=" " ind2="4"><marc:subfield code="a">الجغرافيا العسكرية</marc:subfield><marc:subfield code="z">الشرق الأوسط</marc:subfield></marc:datafield><marc:datafield tag="650" ind1=" " ind2="4"><marc:subfield code="a">الجغرافيا العسكرية</marc:subfield><marc:subfield code="z">العالم العربي</marc:subfield></marc:datafield><marc:datafield tag="949" ind1=" " ind2=" "><marc:subfield code="a">UA995 A65 .M57 1948</marc:subfield><marc:subfield code="w">DDC</marc:subfield><marc:subfield code="i">30018000036308</marc:subfield><marc:subfield code="u">10/15/2009</marc:subfield><marc:subfield code="d">10/15/2009</marc:subfield><marc:subfield code="n">0</marc:subfield><marc:subfield code="t">Book</marc:subfield><marc:subfield code="l">av</marc:subfield><marc:subfield code="m">MAIN</marc:subfield><marc:subfield code="x">ABK</marc:subfield></marc:datafield></marc:record>
</marc:collection>
